@article{berman_mapping,
    author  = "Berman, GJ and Choi, DM and Bialek, W and Shaevitz, JW",
    title   = "Mapping the stereotyped behaviour of freely moving fruit flies",
    year    = "2014",
    volume  = "11",
    journal = "J. R. Soc. Interface",
    DOI     = "10.1098/rsif.2014.0672"
}

@article{esposito_rotarod,
    author  = "Esposito, MS and Capelli, P and Arber, S",
    title   = "Brainstem nucleus MdV mediates skilled forelimb motor tasks",
    year    = "2014",
    journal = "Nature",
    DOI     = "10.1038/nature13023"
}

@article{esposito_defensive,
    author  = "Tovote, P and Esposito, MS and Botta, P and Chaudun, F and Fadok, JP and Markovic, M and others",
    title   = "Midbrain circuits for defensive behaviour",
    year    = "2016",
    journal = "Nature",
    DOI     = "10.1038/nature17996"
}

@article{levy_representation,
	author = "Lavzin, M and Levy, S and others",
	title = "Cell-type specific outcome representation in primary motor cortex",
	year = "2020",
	DOI = "10.1101/2020.03.03.971077",
	publisher = "Cold Spring Harbor Laboratory",
	URL = "https://www.biorxiv.org/content/early/2020/03/04/2020.03.03.971077",
	journal = "Neuron"
}

@book{lehner_stereotipy,
    author    = "Lehner, PN",
    title     = "Handbook of ethological methods",
    year      = "1998",
    publisher = "Cambridge University Press",
    edition   = "2",
    ISBN      = "0521637503",
    pages     = "24--27"
}

@article{luft_motor_learning,
    author    = "Luft, AR and Buitrago, MM",
    title     = "Stages of Motor Skill Learning",
    journal   = "Mol. Neurobiol.",
    year      = "2005",
    volume    = "32",
    issue     = "3",
    pages     = "205--216",
    ISSN      = "0893-7648"
}

@article{costa_motor_learning,
    author    = "Costa, RM and Cohen, D and Nicolelis, MAL",
    title     = "Differential Corticostriatal Plasticityduring Fast and Slow Motor Skill Learning in Mice",
    journal   = "Curr. Biol.",
    year      = "2004",
    volume    = "14",
    pages     = "1124--1134",
    DOI       = "0.1016/j.cub.2004.06.053"
}

@article{cardin_optogenetic,
    author    = "Cardin, JA and Carlén, M and Meletis, K and others",
    title     = "Targeted optogenetic stimulation and recording of neurons in vivo using cell-type-specific expression of Channelrhodopsin-2",
    journal   = "Nat. Protoc.",
    year      = "2010",
    DOI       = "10.1038/nprot.2009.228",
    volume    = "5",
    issue     = "2",
    pages     = "247--254"
}

@article{mathis_deeplabcut,
    author    = "Mathis, A and others",
    title     = "DeepLabCut: markerless pose estimation of user-defined body parts with deep learning",
    journal   = "Nat. Neurosci.",
    year      = "2018",
    DOI       = "10.1038/s41593-018-0209-y",
    volume    = "21",
    issue     = "9",
    ISSN      = "1546-1726",
    pages     = "1281--1289"
}

@article{obrien_fastkde,
    author    = "O'Brien, TA and others",
    title     = "A fast and objective multidimensional kernel density estimation method: fastKDE",
    journal   = "Comput. Stat. Data An.",
    year      = "2016",
    DOI       = "10.1016/j.csda.2016.02.014",
    volume    = "101",
    pages     = "148--160"
}

@article{firdaus_clustering,
    author    = "Firdaus, S and Uddin, A",
    title     = "A Survey on Clustering Algorithms and Complexity Analysis",
    journal   = "IJCSI",
    year      = "2015",
    volume    = "12",
    issue     = "2",
    ISSN      = "1694-0784"
}

@article{scikit-image,
    title = "scikit-image: image processing in Python",
    author = "van der Walt, S and Schönberger, JL and {Nunez-Iglesias}, J and Boulogne, F and Warner, JD and Yager, N and Gouillart, E and Yu, T and {the scikit-image contributors}",
    year = "2014",
    month = "6",
    keywords = "Image processing, Reproducible research, Education, Visualization, Open source, Python, Scientific programming",
    volume = "2",
    pages = "453",
    journal = "PeerJ",
    ISSN = "2167-8359",
    URL = "https://DOI.org/10.7717/peerj.453",
    DOI = "10.7717/peerj.453"
}

@article{scikit-learn,
    title= "Scikit-learn: Machine Learning in Python",
    author= "Pedregosa, F and Varoquaux, G and Gramfort, A and Michel, V and Thirion, B and Grisel, O and Blondel, M and Prettenhofer, P and Weiss, R and Dubourg, V and Vanderplas, J and Passos, A and Cournapeau, D and Brucher, M and Perrot, M and Duchesnay, E",
    journal= "Journal of Machine Learning Research",
    volume= "12",
    pages= "2825--2830",
    year= "2011"
}

@article{hsu_yttri_2019,
    title= "B-SOiD: An Open Source Unsupervised Algorithm for Discovery of Spontaneous Behaviors",
    DOI= "10.1101/770271",
    author= "Hsu, AI and Yttri, EA",
    year= "2019"
}

@article{pereira_2018,
    title= "Fast animal pose estimation using deep neural networks",
    DOI= "10.1101/331181",
    author= "Pereira, TD and Aldarondo, DE and Willmore, L and Kislin, M and Wang, SSH and Murthy, M and Shaevitz, JW",
    year= "2018"
}

@article{linderman_tsne,
    author    = "Linderman, GC and others",
    title     = "Fast interpolation-based t-SNE for improved visualization of single-cell RNA-seq data",
    volume= "16",
    ISSN= "1548-7105",
    URL= "http://dx.DOI.org/10.1038/s41592-018-0308-4",
    DOI= "10.1038/s41592-018-0308-4",
    number= "3",
    journal= "Nature Methods",
    publisher= "Springer Science and Business Media LLC",
    year= "2019",
    month= "2",
    pages= "243–-245"
}

@article{musall_whole_body,
    author    = "Musall, S and others",
    title     = "Single-trial neural dynamics are dominated by richly varied movements",
    journal   = "Nat. Neurosci.",
    year      = "2019",
    volume    = "22",
    pages     = "1677--1686",
    DOI       = "10.1038/s41593-019-0502-4"
}

@article{vdm_barnes-hut,
    author = "{van der Maaten}, L",
    title = "Accelerating t-SNE using tree-based algorithms.",
    year = "2014",
    volume = "15",
    issue = "1",
    pages = "3221--3245",
	journal = "J. Mach. Learn. Res."
}

@article{vdm_tsne,
	author = "{van der Maaten}, L and Hinton, G",
	year = "2008",
	month = "11",
	pages = "2579--2605",
	title = "Visualizing data using t-SNE",
	volume = "9",
	journal = "J. Mach. Learn. Res."
}

@article{compact,
    author  = "Neubert, P and Protzel, P",
    title   = "Compact Watershed and Preemptive SLIC: On Improving Trade-offs of Superpixel Segmentation Algorithms",
    year    = "2014",
    journal = "ICPR",
    pages   = "996--1001",
    DOI     = "10.1109/ICPR.2014.181",
    URL    = "https://www.tu-chemnitz.de/etit/proaut/publications/cws_pSLIC_ICPR.pdf"
}

@article{kobak_heavy_tail,
  author    = "Kobak, D and Linderman, GC and Steinerberger, S and Kluger, Y and Berens, P",
  title     = "Heavy-tailed kernels reveal a finer cluster structure in t-SNE visualisations",
  journal   = "CoRR",
  volume    = "abs/1902.05804",
  year      = "2019",
  url       = "http://arxiv.org/abs/1902.05804",
  archivePrefix = "arXiv"
}

@article{kobak_art,
	author = "Kobak, D and Philipp, B",
	title = "The art of using t-SNE for single-cell transcriptomics",
	elocation-id = "453449",
	year = "2018",
	doi = "10.1101/453449",
	publisher = "Cold Spring Harbor Laboratory",
	URL = "https://www.biorxiv.org/content/early/2018/10/25/453449",
	journal = "bioRxiv"
}

@article{klaus,
    title = "The Spatiotemporal Organization of the Striatum Encodes Action Space",
    journal = "Neuron",
    volume = "95",
    number = "5",
    pages = "1171--1180",
    year = "2017",
    issn = "0896-6273",
    doi = "10.1016/j.neuron.2017.08.015",
    url = "http://www.sciencedirect.com/science/article/pii/S0896627317307304",
    author = "Klaus, A and Martins, GJ and Paixao, VB and Zhou, P and Paninski, L and Costa, RM",
}

@article{berman_3d,
    title = "Continuous Whole-Body 3D Kinematic Recordings across the Rodent Behavioral Repertoire",
    journal = "Neuron",
    year = "2020",
    issn = "0896-6273",
    doi = "10.1016/j.neuron.2020.11.016",
    url = "http://www.sciencedirect.com/science/article/pii/S0896627320308941",
    author = "Marshall, JD and Aldarondo, DE and Dunn, TW and Wang, WL and Berman, GJ and Ölveczky, BP",
}

@misc{berman_measuring,
    title = "Measuring behavior across scales", 
    author = "Berman, GJ",
    year = "2017",
    eprint = "1712.05784",
    archivePrefix = "arXiv",
    primaryClass = "physics.bio-ph"
}

@book{sidorov,
    title = "Syntactic n-grams in Computational Linguistics",
    publisher = "Springer International Publishing",
    author = "Sidorov, G",
    pages = "8--10",
    year = "2019"
}

@inproceedings{hinton_sne,
    author = "Hinton, G and Roweis, S",
    booktitle = "Advances in Neural Information Processing Systems",
    editor = "Becker, S and Thrun, S and Obermayer, S",
    pages = "857--864",
    publisher = "MIT Press",
    title = "Stochastic Neighbor Embedding",
    url = "https://proceedings.neurips.cc/paper/2002/file/6150ccc6069bea6b5716254057a194ef-Paper.pdf",
    volume = "15",
    year = "2003"
}

@inproceedings{yang_ssne,
    title = "Heavy-Tailed Symmetric Stochastic Neighbor Embedding",
    author = "Yang, Z and King, I and Xu, Z and Oja, E",
    year = "2009",
    language = "English",
    pages = "2169--2177",
    booktitle = "Advances in Neural Information Processing Systems 22 (NIPS2009)",
}

@inproceedings{cook_unisne,
    title = "Visualizing Similarity Data with a Mixture of Maps",
    author = "Cook, J and Sutskever, I and Mnih, A and Hinto, G",
    booktitle = "Proceedings of the Eleventh International Conference on Artificial Intelligence and Statistics",
    pages = "67--74",
    year = "2007",
    editor = "Meila, M and Shen, X",
    volume = "2",
    series = "Proceedings of Machine Learning Research",
    url = "http://proceedings.mlr.press/v2/cook07a.html"
}

@article{jost_diversity,
    author = "Jost, L",
    title = "Entropy and Diversity",
    journal = "Oikos",
    volume = "113",
    number = "2",
    pages = "363--375",
    doi = "10.1111/j.2006.0030-1299.14714.x",
    url = "https://onlinelibrary.wiley.com/doi/abs/10.1111/j.2006.0030-1299.14714.x",
    year = "2006"
}

@article{shannon_communication,
    author = "Shannon, CE",
    journal = "Bell Syst. Tech. J.",
    number = "3",
    pages = "379--423",
    title = "A Mathematical Theory of Communication.",
    url = "http://dblp.uni-trier.de/db/journals/bstj/bstj27.html#Shannon48",
    volume = "27",
    year = "1948"
}

@article{barnes_hut_tree,
    author = "Barnes, J and Hut, P",
    title = "A hierarchical O(N log N) force-calculation algorithm",
    journal = "Nature",
    keywords = "Computational Astrophysics, Many Body Problem, Numerical Integration, Stellar Motions, Algorithms, Hierarchies, Physics (General)",
    year = 1986,
    month = dec,
    volume = "324",
    number = "6096",
    pages = "446-449",
    doi = "10.1038/324446a0"
}

@article {policar_tsne,
    author = "Poli{\v c}ar, PG and Stra{\v z}ar, M and Zupan, B",
    title = "openTSNE: a modular Python library for t-SNE dimensionality reduction and embedding",
    year = "2019",
    doi = "10.1101/731877",
    publisher = "Cold Spring Harbor Laboratory",
    URL = "https://www.biorxiv.org/content/early/2019/08/13/731877",
    journal = "bioRxiv"
}

@misc{meyer_watershed_history,
    title= "The watershed concept and its use in segmentation : a brief history",
    author= "Meyer, F",
    year= "2012",
    eprint= "1202.0216",
    archivePrefix= "arXiv",
    primaryClass= "cs.CV"
}

@article{meyer_topographic,
    title = "Topographic distance and watershed lines",
    journal = "Signal Processing",
    volume = "38",
    number = "1",
    pages = "113--125",
    year = "1994",
    issn = "0165-1684",
    doi = "10.1016/0165-1684(94)90060-4",
    url = "www.sciencedirect.com/science/article/pii/0165168494900604",
    author = "Meyer, F"
}

@article{meyer_beucher_morphological,
    title = "Morphological Segmentation",
    journal = "Journal of Visual Communication and Image Representation",
    volume = "1",
    number = "1",
    pages = "21--46",
    year = "1990",
    issn = "1047-3203",
    doi = "10.1016/1047-3203(90)90014-M",
    url = "http://www.sciencedirect.com/science/article/pii/104732039090014M",
    author = "Meyer, F and Beucher, S",
}

@article{schneider_reading,
    author = "Schneider, TD",
    title = "Reading of {DNA} Sequence Logos: Prediction of Major Groove Binding by Information Theory",
    journal = "Meth. Enzym.",
    volume = "274",
    pages = "445--455",
    url = "https://alum.mit.edu/www/toms/paper/oxyr/",
    year = "1996"
}

@article{schneider_stephens_logo,
    author = "Schneider, TD and Stephens, RM",
    title = "Sequence Logos: A New Way to Display Consensus Sequences",
    journal = "Nucleic Acids Res.",
    volume = "18",
    pages = "6097--6100",
    pmid = "2172928",
    pmcid = "PMC332411",
    doi = "10.1093/nar/18.20.6097",
    url = "https://alum.mit.edu/www/toms/papers/logopaper/",
    year = "1990"
}

@article{schneider_consensus,
    title = "Consensus sequence Zen",
    author = "Schneider, TD",
    journal = "Applied Bioinformatics",
    ISSN = "1175-5636",
    year = 2002,
    pages = "111--119",
    volume = "1",
    issue = "3"
}

@article{schneider_information,
    author = "Schneider, TD and Stormo, GD and Gold, L and Ehrenfeucht, A",
    year = "1986",
    title = "Information content of binding sites on nucleotide sequences",
    journal = "Journal of molecular biology",
    pages = "415–-431",
    doi = "10.1016/0022-2836(86)90165-8",
    volume = "188",
    issue = "3"
}

 @InProceedings{vdm_parametric_tsne,
    title = "Learning a Parametric Embedding by Preserving Local Structure",
    author = "{van der Maaten}, L",
    pages = "384--391",
    year = "2009",
    volume = "5",
    series = "Proceedings of Machine Learning Research",
    url = "http://proceedings.mlr.press/v5/maaten09a.html"
}

@article{sav_gol,
    author = "Savitzky, A and Golay, MJE",
    title = "Smoothing and Differentiation of Data by Simplified Least Squares Procedures.",
    journal = "Analytical Chemistry",
    volume = "36",
    number = "8",
    pages = "1627-1639",
    year = "1964",
    doi = "10.1021/ac60214a047",
    URL = "https://doi.org/10.1021/ac60214a047"
}

@article{korsunsky_harmony,
	author = "Korsunsky, I and Fan, J and Slowikowski, K and Zhang, F and Wei, K and Baglaenko, Y and Brenner, M and Loh, P and Raychaudhuri, S",
	title = "Fast, sensitive, and accurate integration of single cell data with Harmony",
	elocation-id = "461954",
	year = "2018",
	doi = "10.1101/461954",
	publisher = "Cold Spring Harbor Laboratory",
	URL = "https://www.biorxiv.org/content/early/2018/11/05/461954",
	journal = "bioRxiv"
}

@article{campos_parkinson,
    author= "Campos, F and Carvalho, M and Cristovão, A and Je, G and Baltazar, G and Salgado, A and Kim, Y and Sousa, N",
    title= "Rodent models of Parkinson's disease: beyond the motor symptomatology",
    journal= "Frontiers in Behavioral Neuroscience",
    volume= "7",
    pages= "175",
    year= "2013",
    url= "https://www.frontiersin.org/article/10.3389/fnbeh.2013.00175",
    doi= "10.3389/fnbeh.2013.00175",
    issn= "1662-5153"
}

@article{skinner_mlr_rat,
    author = "Skinner, RD and {Garcia-Rill}, E",
    title = "The mesencephalic locomotor region (MLR) in the rat",
    journal = "Brain Research",
    volume = "323",
    number = "2",
    pages = "385--389",
    year = "1984",
    issn = "0006-8993",
    doi = "10.1016/0006-8993(84)90319-6",
    url = "https://www.sciencedirect.com/science/article/pii/0006899384903196"
}

@article{sherman_mlr_cat,
    author = "Sherman, D and Fuller, PM and Marcus, J and Yu, J and Zhang, P and Chamberlin, NL and Saper, CB and Lu, J",
    title = "Anatomical Location of the Mesencephalic Locomotor Region and Its Possible Role in Locomotion, Posture, Cataplexy, and Parkinsonism",
    journal = "Frontiers in neurology",
    volume =  "6",
    pages = "140",
    year = "2015",
    issn = "1664-2295",
    doi = "10.3389/fneur.2015.00140"
}

@incollection{leray_mlr_vertebrate,
    author = "{Le Ray}, D and Juvin, L and Ryczko, D and Dubuc, R",
    title =  "Supraspinal control of locomotion: the mesencephalic locomotor region",
    chapter = "4",
    booktitle = "Progress in Brain Research",
    doi = "10.1016/B978-0-444-53825-3.00009-7",
    year = "2011",
    pages = "51--70",
    issue = "188",
    publisher = "Elsevier"
}

@article{nielsen_mlr_walk,
	author = "Nielsen, JB",
	title = "How we Walk: Central Control of Muscle Activity during Human Walking",
	journal = "The Neuroscientist",
	volume = "9",
	number = "3",
	pages = "195-204",
	year = "2003",
	doi = "10.1177/1073858403009003012",
	URL = "https://doi.org/10.1177/1073858403009003012"
}

@article{capaday_mlr_walk,
	title = "The special nature of human walking and its neural control",
	journal = "Trends in Neurosciences",
	volume = "25",
	number = "7",
	pages = "370--376",
	year = "2002",
	issn = "0166-2236",
	doi = "10.1016/S0166-2236(02)02173-2",
	url = "https://www.sciencedirect.com/science/article/pii/S0166223602021732",
	author = "Capaday, C"
}

@article{hathout_ataxia,
	author = "Hathout, G and Bhidayasiri, R",
	year = "2005",
	month = "04",
	pages = "953--6",
	title = "Midbrain Ataxia: An Introduction to the Mesencephalic Locomotor Region and the Pedunculopontine Nucleus",
	volume = "184",
	journal = "AJR. American journal of roentgenology",
	doi = "10.2214/ajr.184.3.01840953"
}

@article{caggiano_midbrain,
    title = "Midbrain circuits that set locomotor speed and gait selection",
    author = "Caggiano, V and Leiras, R and Goñi-Erro, H and Masini, D and Bellardita, C and Bouvier, J and Caldeira, V and Fisone, G and Kiehn, O",
    journal = "Nature",
    ISSN = "0028-0836",
    year = "2018",
    pages = "455--460",
    volume = "553",
    issue = "7689",
    DOI = "10.1038/nature25448"
}

@article{roseberry_locomotor,
    title = "Cell-Type-Specific Control of Brainstem Locomotor Circuits by Basal Ganglia",
    author = "Roseberry, TK and Lee, AM and Lalive, AL and Wilbrecht, L and Bonci, A and Kreitzer, AC",
    journal = "Cell",
    ISSN = "0092-8674",
    year = "2016",
    pages = "526--37",
    volume = "164",
    issue = "3",
    DOI = "10.1016/j.cell.2015.12.037"
}

@article{shik_walking,
	Title = "Control of walking and running by means of electric stimulation of the midbrain",
	Author = "Shik, ML and Severin, FV and Orlovskiĭ, GN",
	Number = "4",
	Volume = "11",
	Year = "1966",
	Journal = "Biofizika",
	ISSN = "0006-3029",
	Pages = "659-—666",
	URL = "http://europepmc.org/abstract/MED/6000625"
}

@article{alfieri_motor_deficit,
	author = "Alfieri, J and Silva, P and Igaz, L",
	year = "2016",
	month = "12",
	title = "Early Cognitive/Social Deficits and Late Motor Phenotype in Conditional Wild-Type TDP-43 Transgenic Mice",
	volume = "8",
	journal = "Frontiers in Aging Neuroscience",
	doi = "10.3389/fnagi.2016.00310"
}

@misc{scipy,
  author = "Jones, E and Oliphant, T and Peterson, P and others",
  title = "{SciPy}: Open source scientific tools for {Python}",
  year = "2001--",
  url = "http://www.scipy.org/"
}
